@article{Alves:2008zz,
      author         = "Alves~Jr., A. A. and others",
      title          = "{The \lhcb detector at the LHC}",
      collaboration  = "LHCb collaboration",
      journal        = "JINST",
      volume         = "3",
      pages          = "S08005",
      doi            = "10.1088/1748-0221/3/08/S08005",
      year           = "2008",
}

@article{Barrand:2001ny,
      author         = "Barrand, G. and others",
      title          = "{GAUDI - A software architecture and framework for
                        building HEP data processing applications}",
      journal        = "Comput. Phys. Commun.",
      volume         = "140",
      year           = "2001",
      pages          = "45-55",
      doi            = "10.1016/S0010-4655(01)00254-5",
      SLACcitation   = "%%CITATION = CPHCB,140,45;%%"
}

@article{Hocker:2007ht,
      author         = "Hocker, Andreas and others",
      title          = "{TMVA - Toolkit for Multivariate Data Analysis}",
      booktitle      = "{Proceedings, 11th International Workshop on Advanced
                        computing and analysis techniques in physics research
                        (ACAT 2007): Amsterdam, Netherlands, April 23-27, 2007}",
      journal        = "PoS",
      volume         = "ACAT",
      year           = "2007",
      pages          = "040",
      eprint         = "physics/0703039",
      archivePrefix  = "arXiv",
      primaryClass   = "PHYSICS",
      reportNumber   = "CERN-OPEN-2007-007",
      SLACcitation   = "%%CITATION = PHYSICS/0703039;%%"
}
@article{Feindt:2006pm,
      author         = "Feindt, M. and Kerzel, U.",
      title          = "{The NeuroBayes neural network package}",
      booktitle      = "{Advanced computing and analysis techniques in physics
                        research. Proceedings, 10th International Workshop,
                        ACAT05, Zeuthen, Germany, May 22-27, 2005}",
      journal        = "Nucl. Instrum. Meth.",
      volume         = "A559",
      year           = "2006",
      pages          = "190-194",
      doi            = "10.1016/j.nima.2005.11.166",
      SLACcitation   = "%%CITATION = NUIMA,A559,190;%%"
}

@article{Aaij:2016rxn,
      author         = "Aaij, R. and others",
      title          = "{Tesla : an application for real-time data analysis in
                        High Energy Physics}",
      journal        = "Comput. Phys. Commun.",
      volume         = "208",
      year           = "2016",
      pages          = "35-42",
      doi            = "10.1016/j.cpc.2016.07.022",
      eprint         = "1604.05596",
      archivePrefix  = "arXiv",
      primaryClass   = "physics.ins-det",
      reportNumber   = "CERN-LHCB-DP-2016-001",
      SLACcitation   = "%%CITATION = ARXIV:1604.05596;%%"
}

@article{Pedregosa:2012toh,
      author         = "Pedregosa, Fabian and others",
      title          = "{Scikit-learn: Machine Learning in Python}",
      journal        = "J. Machine Learning Res.",
      volume         = "12",
      year           = "2011",
      pages          = "2825-2830",
      eprint         = "1201.0490",
      archivePrefix  = "arXiv",
      primaryClass   = "cs.LG",
      SLACcitation   = "%%CITATION = ARXIV:1201.0490;%%"
}

@Misc{keras,
  title={Keras},
  author={Chollet, Fran\c{c}ois and others},
  year={2015},
  publisher={GitHub},
  howpublished={\url{https://github.com/fchollet/keras}},
}

@article{Gligorov:2012qt,
      author         = "Gligorov, V. V. and Williams, Mike",
      title          = "{Efficient, reliable and fast high-level triggering using
                        a bonsai boosted decision tree}",
      journal        = "JINST",
      volume         = "8",
      year           = "2013",
      pages          = "P02013",
      doi            = "10.1088/1748-0221/8/02/P02013",
      eprint         = "1210.6861",
      archivePrefix  = "arXiv",
      primaryClass   = "physics.ins-det",
      SLACcitation   = "%%CITATION = ARXIV:1210.6861;%%"
}

@article{rapid,
      author         = "Cowan, G. A. and Craik, D. C. and Needham, M. D.",
      title          = "{RapidSim: an application for the fast simulation of
                        heavy-quark hadron decays}",
      journal        = "Comput. Phys. Commun.",
      volume         = "214",
      year           = "2017",
      pages          = "239-246",
      doi            = "10.1016/j.cpc.2017.01.029",
      eprint         = "1612.07489",
      archivePrefix  = "arXiv",
      primaryClass   = "hep-ex",
      SLACcitation   = "%%CITATION = ARXIV:1612.07489;%%"
}

@article{losssurfaces,
  author    = {Anna Choromanska and
               Mikael Henaff and
               Micha{\"{e}}l Mathieu and
               G{\'{e}}rard Ben Arous and
               Yann LeCun},
  title     = {The Loss Surface of Multilayer Networks},
  journal   = {CoRR},
  volume    = {abs/1412.0233},
  year      = {2014},
  url       = {http://arxiv.org/abs/1412.0233},
  archivePrefix = {arXiv},
  eprint    = {1412.0233},
  timestamp = {Wed, 07 Jun 2017 14:40:12 +0200},
  biburl    = {http://dblp.org/rec/bib/journals/corr/ChoromanskaHMAL14},
  bibsource = {dblp computer science bibliography, http://dblp.org}
}

@article{Xu:2016mik,
      author         = "Xu, Z. and Tobin, M.",
      title          = "{Novel real-time alignment and calibration of the LHCb
                        detector in Run II}",
      booktitle      = "{Proceedings, 13th Pisa Meeting on Advanced Detectors :
                        Frontier Detectors for Frontier Physics (FDFP 2015): La
                        Biodola, Isola d'Elba, Italy, May 24-30, 2015}",
      collaboration  = "LHCb",
      journal        = "Nucl. Instrum. Meth.",
      volume         = "A824",
      year           = "2016",
      pages          = "70-71",
      doi            = "10.1016/j.nima.2015.11.040",
      SLACcitation   = "%%CITATION = NUIMA,A824,70;%%"
}

@article{LHCb-DP-2014-002,
      author         = "Aaij, R. and others",
      title          = "{LHCb detector performance}",
      collaboration  = "LHCb collaboration",
      journal        = "Int. J. Mod. Phys.",
      volume         = "A30",
      pages          = "1530022",
      doi            = "10.1142/S0217751X15300227",
      year           = "2015",
      eprint         = "1412.6352",
      archivePrefix  = "arXiv",
      primaryClass   = "hep-ex",
      reportNumber   = "LHCB-DP-2014-002, CERN-PH-EP-2014-290",
      SLACcitation   = "%%CITATION = ARXIV:1412.6352;%%",
}

@article{Sjostrand:2007gs,
      author         = {Sj\"{o}strand, Torbj\"{o}rn and Mrenna, Stephen and
                        Skands, Peter"},
      title          = "{A brief introduction to PYTHIA 8.1}",
      journal        = "Comput. Phys. Commun.",
      volume         = "178",
      pages          = "852-867",
      doi            = "10.1016/j.cpc.2008.01.036",
      year           = "2008",
      eprint         = "0710.3820",
      archivePrefix  = "arXiv",
      primaryClass   = "hep-ph",
      reportNumber   = "CERN-LCGAPP-2007-04, LU-TP-07-28,
                        FERMILAB-PUB-07-512-CD-T",
      SLACcitation   = "%%CITATION = ARXIV:0710.3820;%%",
}

@article{Cacciari:2011ma,
      author         = "Cacciari, Matteo and Salam, Gavin P. and Soyez, Gregory",
      title          = "{FastJet User Manual}",
      journal        = "Eur. Phys. J.",
      volume         = "C72",
      year           = "2012",
      pages          = "1896",
      doi            = "10.1140/epjc/s10052-012-1896-2",
      eprint         = "1111.6097",
      archivePrefix  = "arXiv",
      primaryClass   = "hep-ph",
      reportNumber   = "CERN-PH-TH-2011-297",
      SLACcitation   = "%%CITATION = ARXIV:1111.6097;%%"
}

@article{Atkin:2015msa,
      author         = "Atkin, Ryan",
      title          = "{Review of jet reconstruction algorithms}",
      booktitle      = "{Proceedings, Workshop on High Energy Particle Physics
                        (HEPPW2015): Johannesburg, South Africa, February 11-13,
                        2015}",
      journal        = "J. Phys. Conf. Ser.",
      volume         = "645",
      year           = "2015",
      number         = "1",
      pages          = "012008",
      doi            = "10.1088/1742-6596/645/1/012008",
      SLACcitation   = "%%CITATION = 00462,645,012008;%%"
}

@article{HORNIK1991251,
title = "Approximation capabilities of multilayer feedforward networks",
journal = "Neural Networks",
volume = "4",
number = "2",
pages = "251 - 257",
year = "1991",
issn = "0893-6080",
doi = "https://doi.org/10.1016/0893-6080(91)90009-T",
url = "http://www.sciencedirect.com/science/article/pii/089360809190009T",
author = "Kurt Hornik",
}

@misc{ONNX,
title = "{ONNX: Open Neural Network Exchange Format}",
url = "http://onnx.ai"
}
